<record><leader>00000cas a22000007a 4500</leader><controlfield tag="001">29779012</controlfield><controlfield tag="008">940210d19511956nyuwr ne      0    0eng d</controlfield><datafield ind1=" " ind2=" " tag="010"><subfield code="a">sn 94057681 </subfield></datafield><datafield ind1=" " ind2=" " tag="040"><subfield code="a">NYS</subfield><subfield code="b">eng</subfield><subfield code="c">NYS</subfield><subfield code="d">OCLCQ</subfield><subfield code="d">OCLCF</subfield><subfield code="d">OCLCO</subfield></datafield><datafield ind1="1" ind2=" " tag="029"><subfield code="a">AU@</subfield><subfield code="b">000010824358</subfield></datafield><datafield ind1=" " ind2=" " tag="042"><subfield code="a">msc</subfield></datafield><datafield ind1=" " ind2=" " tag="043"><subfield code="a">n-us-ny</subfield></datafield><datafield ind1="0" ind2="4" tag="245"><subfield code="a">The Central Square citizen.</subfield></datafield><datafield ind1="1" ind2="7" tag="246"><subfield code="a">Associated weeklies of Oswego County</subfield><subfield code="f">&lt;Jan.&gt;-Oct. 1955</subfield></datafield><datafield ind1="1" ind2="7" tag="246"><subfield code="a">Oswego County weeklies</subfield><subfield code="f">&lt;Nov. 1955&gt;-Jan. 1956</subfield></datafield><datafield ind1=" " ind2=" " tag="260"><subfield code="a">Central Square, N.Y. :</subfield><subfield code="b">R. Austin Backus,</subfield><subfield code="c">-1956.</subfield></datafield><datafield ind1=" " ind2=" " tag="300"><subfield code="a">v. ;</subfield><subfield code="c">55 cm.</subfield></datafield><datafield ind1=" " ind2=" " tag="310"><subfield code="a">Weekly</subfield></datafield><datafield ind1="1" ind2=" " tag="362"><subfield code="a">Began in 1951?</subfield></datafield><datafield ind1="0" ind2=" " tag="362"><subfield code="a">-v. 5, no. 3 (Jan. 19, 1956).</subfield></datafield><datafield ind1=" " ind2=" " tag="500"><subfield code="a">Published by R. Austin Backus, &lt;Jan. 26, 1951&gt;-Jan. 19, 1956.</subfield></datafield><datafield ind1=" " ind2=" " tag="515"><subfield code="a">Issue for Jan. 2, 1953 called vol. 92, no. 1.</subfield></datafield><datafield ind1=" " ind2=" " tag="515"><subfield code="a">Issues for &lt;Aug. 14, 1953&gt; called 95th year.</subfield></datafield><datafield ind1=" " ind2=" " tag="515"><subfield code="a">Issues for &lt;July-Aug. 1964&gt; called 96th year.</subfield></datafield><datafield ind1=" " ind2=" " tag="515"><subfield code="a">Issues for 1955 sometimes called vol. 4.</subfield></datafield><datafield ind1=" " ind2=" " tag="588"><subfield code="a">Description based on: Vol. 1, no. 4 (Jan. 26, 1951).</subfield></datafield><datafield ind1=" " ind2="0" tag="651"><subfield code="a">Central Square (N.Y.)</subfield><subfield code="v">Newspapers.</subfield></datafield><datafield ind1=" " ind2="0" tag="651"><subfield code="a">Oswego County (N.Y.)</subfield><subfield code="v">Newspapers.</subfield></datafield><datafield ind1=" " ind2="7" tag="655"><subfield code="a">Newspapers.</subfield><subfield code="2">fast</subfield><subfield code="0">(OCoLC)fst01423814</subfield></datafield><datafield ind1=" " ind2="7" tag="651"><subfield code="a">New York (State)</subfield><subfield code="z">Central Square.</subfield><subfield code="2">fast</subfield><subfield code="0">(OCoLC)fst01221691</subfield></datafield><datafield ind1=" " ind2="7" tag="651"><subfield code="a">New York (State)</subfield><subfield code="z">Oswego County.</subfield><subfield code="2">fast</subfield><subfield code="0">(OCoLC)fst01208853</subfield></datafield><datafield ind1=" " ind2=" " tag="752"><subfield code="a">United States</subfield><subfield code="b">New York</subfield><subfield code="c">Oswego</subfield><subfield code="d">Central Square.</subfield></datafield><datafield ind1="0" ind2="7" tag="785"><subfield code="t">Fort Brewerton outlet</subfield></datafield><datafield ind1="0" ind2="7" tag="785"><subfield code="t">Central Square citizen and the Fort Brewerton outlet</subfield><subfield code="w">(DLC)sn 94057682</subfield><subfield code="w">(OCoLC)29779014</subfield></datafield></record>